<?xml version="1.0" encoding="UTF-8"?><record xmlns="http://www.loc.gov/MARC21/slim" xmlns:cinclude="http://apache.org/cocoon/include/1.0" xmlns:zs="http://www.loc.gov/zing/srw/">
  <leader>00443nz  a2200145n  4500</leader>
  <controlfield tag="001">no2003027942</controlfield>
  <controlfield tag="003">DLC</controlfield>
  <controlfield tag="005">20030322071051.0</controlfield>
  <controlfield tag="008">030321n| acannaabn          |n aaa     c</controlfield>
  <datafield tag="010" ind1=" " ind2=" ">
    <subfield code="a">no2003027942</subfield>
  </datafield>
  <datafield tag="035" ind1=" " ind2=" ">
    <subfield code="a">(OCoLC)oca06003794</subfield>
  </datafield>
  <datafield tag="040" ind1=" " ind2=" ">
    <subfield code="a">NBuU</subfield>
    <subfield code="b">eng</subfield>
    <subfield code="c">NBuU</subfield>
  </datafield>
  <datafield tag="100" ind1="1" ind2=" ">
    <subfield code="a">Milani, Fe패lix,</subfield>
    <subfield code="d">1905-1975</subfield>
  </datafield>
  <datafield tag="670" ind1=" " ind2=" ">
    <subfield code="a">The convict, c1977:</subfield>
    <subfield code="b">t.p. (Fe패lix Milani)</subfield>
  </datafield>
  <datafield tag="670" ind1=" " ind2=" ">
    <subfield code="a">OCLC, Mar. 19, 2003</subfield>
    <subfield code="b">(hdg.: Milani, Fe패lix, 1905-1975; usage: Fe패lix Milani)</subfield>
  </datafield>
</record>